% ------------------------------------------------------------------------
@Book{Ver, author = {Veersteg, H. K. dan Malalasekera, W.}, ALTeditor = {•},
title = {An Introduction to Computational Fluid Dynamics: The Finite Volume
Methods}, publisher = {Pearson Education Limited}, year = {2007}, OPTkey =
{•}, OPTvolume = {•}, OPTnumber = {•}, OPTseries = {•}, address = {Glasgow},
edition = {2nd}, OPTmonth = {•}, OPTnote = {•}, OPTannote = {•} }

@Book{Mun, author = {Munson, B. R., et. all.}, ALTeditor = {•},
title = {Fundamentals of Fluid Mechanics}, publisher = {Wiley}, year = {2009}, OPTkey =
{•}, OPTvolume = {•}, OPTnumber = {•}, OPTseries = {•}, address = {USA},
edition = {6th}, OPTmonth = {•}, OPTnote = {•}, OPTannote = {•} }

@Book{Cha, author = {Chaudry, M. H.}, ALTeditor = {•},
title = {Open-Channel Flow}, publisher = {Springer}, year = {2008}, OPTkey =
{•}, OPTvolume = {•}, OPTnumber = {•}, OPTseries = {•}, address = {New York},
edition = {2nd}, OPTmonth = {•}, OPTnote = {•}, OPTannote = {•} }

@Book{Far, author = {Fardiaz, S}, ALTeditor = {•}, title = {Polusi Air dan
Udara}, publisher = {Kanisius}, year = {1992}, OPTkey = {•}, OPTvolume = {•},
OPTnumber = {•}, OPTseries = {•}, address = {Yogyakarta}, edition = {11},
OPTmonth = {•}, OPTnote = {•}, OPTannote = {•} }

@Book{Fer, author = {Ferziger, J. H. dan Peri\'{c}, M.}, ALTeditor = {•},
title = {Computational Methods for Fluid Dynamics}, publisher = {Springer},
year = {2002}, OPTkey = {•}, OPTvolume = {•}, OPTnumber = {•}, OPTseries =
{•}, address = {Berlin}, edition = {3rd rev.}, OPTmonth = {•}, OPTnote = {•},
OPTannote = {•} }

@Book{Sub, author = {Subiono}, ALTeditor = {•},
title = {Sistem Linear dan Kontrol Optimal}, publisher = {Jurusan Matematika FMIPA ITS},
year = {2013}, OPTkey = {•}, OPTvolume = {•}, OPTnumber = {•}, OPTseries =
{•}, address = {Surabaya}, edition = {2.1.1}, OPTmonth = {•}, OPTnote = {•},
OPTannote = {•} }

@Book{Aps, author = {Apsley, D}, ALTeditor = {•}, title = {Computational
Hydraulics}, publisher = {University of Manchester}, year = {2013}, OPTkey =
{•}, OPTvolume = {•}, OPTnumber = {•}, series = {Lecture Notes}, address =
{Manchester}, OPTedition = {}, OPTmonth = {•}, OPTnote = {•}, OPTannote = {•}
}

@Book{Ekk, author = {Holzbecher, E.}, ALTeditor = {•}, title = {Environmental Modelling Using MATLAB},
publisher = {Springer}, year = {2012}, OPTkey =
{•}, OPTvolume = {•}, OPTnumber = {•}, series = {}, address =
{Berlin}, edition = {2nd}, OPTmonth = {•}, OPTnote = {•}, OPTannote = {•}
}

@Book{Soe, author = {Soehardjo}, ALTeditor = {•}, title = {Refreshing Matematika},
publisher = {Jurusan Matematika FMIPA ITS}, year = {1997}, OPTkey =
{•}, OPTvolume = {•}, OPTnumber = {•}, series = {}, address =
{Surabaya}, OPTedition = {}, OPTmonth = {•}, OPTnote = {•}, OPTannote = {•}
}

@InBook{Nor, author = {Norris, Stuart Edward}, ALTeditor = {•}, title = {A
Parallel Navier Stokes Solver for Natural Convection and Free Surface Flow},
chapter = {2}, publisher = {University of Sydney. Engineering}, year =
{2006}, OPTkey = {•}, OPTvolume = {•}, OPTnumber = {•}, OPTseries = {•},
OPTtype = {•}, OPTaddress = {•}, OPTedition = {•}, month = {March}, pages =
{7-51}, OPTnote = {•}, OPTannote = {•} }

% ------------------------------------------------------------------------

@MastersThesis{Han, author = {Asyhar, A.H.}, title = {\textit{Pola Penyebaran
Polutan di Daerah Aliran Sungai}}, school = {Jurusan Matematika, Fakultas
Matematika dan Ilmu Pengetahuan Alam, Institut Teknologi Sepuluh Nopember},
year = {2012}, OPTkey = {•}, type = {Tesis}, address = {Surabaya}, OPTmonth =
{•}, OPTnote = {•}, OPTannote = {•} }

@InProceedings{Sii, author = {Siing, M. dan Widodo, B.}, title =
{Penyelesaian Model Matematika Penelusuran Banjir Gelombang Difusi},
booktitle = {Prosiding Seminar Nasional Penelitian, Pendidikan dan Penerapan
MIPA}, OPTcrossref = {•}, OPTkey = {•}, pages = {M-77 - M-84}, year = {2011},
OPTeditor = {•}, OPTvolume = {•}, OPTnumber = {•}, OPTseries = {}, address =
{Yogyakarta}, OPTmonth = {•}, OPTorganization = {•}, publisher = {Universitas
Negeri Yogyakarta}, OPTnote = {•}, OPTannote = {•} }

@InProceedings{Nie, author = {Karnaningroem, N., et all}, title =
{Hydrodynamics of Pollutant Dispersion in River},
booktitle = {Majalah IPTEK}, OPTcrossref = {•}, OPTkey = {•}, pages = {136-146}, year = {2006},
OPTeditor = {•}, volume = {17}, number = {4}, OPTseries = {}, address =
{Surabaya}, month = {November}, OPTorganization = {•}, publisher = {Institut Teknologi Sepuluh Nopember}, OPTnote = {•}, OPTannote = {•} }

@TechReport{Bas, author = {Widodo, B., et all}, title = {\textit{Pengaruh
Hidrodinamika pada Dispersi Polutan di Sungai}}, institution = {Jurusan
Matematika Fakultas Matematika dan Ilmu Pengetahuan Alam, Institut Teknologi
Sepuluh Nopember}, year = {2012}, OPTkey = {•}, type = {Penelitian},
OPTnumber = {•}, OPTaddress = {Surabaya}, OPTmonth = {•}, OPTnote = {•},
OPTannote = {•} }
